@article{DudenhefnerU21,
  author       = {Andrej Dudenhefner and
                  Pawe{\l} Urzyczyn},
  title        = {Kripke Semantics for Intersection Formulas},
  journal      = {{ACM} Trans. Comput. Log.},
  volume       = {22},
  number       = {3},
  pages        = {15:1--15:16},
  year         = {2021},
  url          = {https://doi.org/10.1145/3453481},
  doi          = {10.1145/3453481},
  timestamp    = {Sun, 19 Jan 2025 14:53:57 +0100},
  biburl       = {https://dblp.org/rec/journals/tocl/DudenhefnerU21.bib},
  bibsource    = {dblp computer science bibliography, https://dblp.org}
}
